<?xml version="1.0" encoding="UTF-8"?><collection xmlns="http://www.loc.gov/MARC21/slim"><record><leader>00295nam--2200121-i-4500</leader><controlfield tag="001">000036243</controlfield><controlfield tag="002">20161230</controlfield><controlfield tag="005">20161230201040</controlfield><controlfield tag="008">060222s1000------------r-----000-0-eng-d</controlfield><datafield ind1=" " ind2=" " tag="100"><subfield code="a">Oae Sh., Price Ch.C</subfield></datafield><datafield ind1=" " ind2=" " tag="245"><subfield code="a">Sulfur bonding</subfield></datafield><datafield ind1=" " ind2=" " tag="260"><subfield code="a">New York, Ronald Press Co., 1962. V+208p</subfield></datafield><datafield ind1=" " ind2=" " tag="852"><subfield code="a">18508</subfield></datafield></record></collection>